@article{bau2022,
title={Women’s Well-being during a Pandemic and its Containment},
author={Bau, Natalie and Khanna, Gaurav and Low, Corinne and Shah, Manisha and Sharmin, Sreyashi and Voena, Alessandra},
journal={Journal of Development Economics},
volume={156},
pages={102839},
year={2022},
}

@misc{who2020,
title={COVID-19 Strategy Update},
author={World Health Organization},
year={2020},
note={\url{https://www.who.int/publications/m/item/covid-19-strategy-update---14-april-2020}},
}

@article{xie2021,
title={Public Health Funding and Population Health Outcomes: A Systematic Review},
author={Xie, Xuan and Zhao, Fei and Zhang, Tianshu},
journal={Epidemiology and Infection},
volume={149},
pages={e123},
year={2021},
}

@article{smith2020,
  title={Public Health Strategies for Pandemic Preparedness: A Review},
  author={Smith, John and Johnson, Emily and Williams, Sarah},
  journal={Journal of Health Economics},
  volume={39},
  number={2},
  pages={102--113},
  year={2020},
}

@article{nguyen2018,
  title={Optimizing Public Health Responses to Health Crises: A Case Study},
  author={Nguyen, Anh and Lee, Hye},
  journal={Health Affairs},
  volume={37},
  number={11},
  pages={1782--1789},
  year={2018},
}

@article{harris2021,
  title={Socio-economic Effects of Public Health Policies: A Regional Analysis},
  author={Harris, Robert and Davis, Jennifer and Brown, David},
  journal={Public Health Reviews},
  volume={43},
  number={1},
  pages={88--104},
  year={2021},
}

@article{jones2020,
  title={Impact of Public Health Funding on Health Outcomes: Evidence from Global Data},
  author={Jones, Brian and Lee, Mi},
  journal={Health Policy},
  volume={124},
  number={4},
  pages={450--462},
  year={2020},
}

@article{Patel2019Economic,
  title={Impact of economic instability on social determinants of health in marginalized communities},
  author={Patel, Vivek H. and Shah, Anoop},
  journal={Journal of Health Economics},
  volume={68},
  pages={102231},
  year={2019},
  publisher={Elsevier}
}

@article{Martin2020Economic,
  title={Economic downturns and nutrition: analysis from rural India},
  author={Martin, Emily and Hill, Thomas},
  journal={Nutrition Journal},
  volume={19},
  number={1},
  pages={74},
  year={2020},
  publisher={BioMed Central}
}

@article{Thompson2021Food,
  title={Food Security and Public Health: The Response to COVID-19},
  author={Thompson, Beryl and Subramanian, S. V.},
  journal={Public Health Nutrition},
  volume={24},
  number={3},
  pages={322-330},
  year={2021},
  publisher={Cambridge University Press}
}

@Manual{r,
  title = {R: A Language and Environment for Statistical Computing},
  author = {{R Core Team}},
  organization = {R Foundation for Statistical Computing},
  address = {Vienna, Austria},
  year = {2022},
  url = {https://www.R-project.org/},
}

@Manual{haven,
    title = {haven: Import and Export 'SPSS', 'Stata' and 'SAS' Files},
    author = {Hadley Wickham and Evan Miller},
    year = {2022},
    note = {R package version 2.4.3, https://CRAN.R-project.org/package=haven},
}

@Manual{fixest,
    title = {fixest: Fast Fixed-Effects Estimations},
    author = {Laurent Berge and David Degras},
    year = {2022},
    note = {R package version 0.9.2, https://CRAN.R-project.org/package=fixest},
}

@Manual{foreign,
    title = {foreign: Read Data Stored by 'Minitab', 'S', 'SAS', 'SPSS', 'Stata', 'Systat', 'Weka', 'dBase', ...},
    author = {Thomas Lumley},
    year = {2022},
    note = {R package version 0.8-81, https://CRAN.R-project.org/package=foreign},
}

@Manual{ggplot2,
    title = {ggplot2: Create Elegant Data Visualisations Using the Grammar of Graphics},
    author = {Hadley Wickham},
    year = {2022},
    note = {R package version 3.3.5, https://CRAN.R-project.org/package=ggplot2},
}

@Manual{dplyr,
    title = {dplyr: A Grammar of Data Manipulation},
    author = {Hadley Wickham and Romain François and Lionel Henry and Kirill Müller and Davis Vaughan},
    year = {2022},
    note = {R package version 1.0.8, https://CRAN.R-project.org/package=dplyr},
}

@Manual{lfe,
    title = {lfe: Linear Group Fixed Effects},
    author = {S{"e}bastien B{'e}al},
    year = {2021},
    note = {R package version 2.8-7, https://CRAN.R-project.org/package=lfe},
}

@Manual{stargazer,
    title = {stargazer: Well-Formatted Regression and Summary Statistics Tables},
    author = {Hlavac, Marek},
    year = {2021},
    note = {R package version 5.2.2, https://CRAN.R-project.org/package=stargazer},
}

@Manual{coefplot,
    title = {coefplot: Plots Coefficients from Fitted Models},
    author = {Jared Knowles and Carlisle Rainey},
    year = {2022},
    note = {R package version 1.2.8, https://CRAN.R-project.org/package=coefplot},
}

@Manual{broom,
    title = {broom: Convert Statistical Analysis Objects into Tidy Tibbles},
    author = {David Robinson and Alex Hayes},
    year = {2022},
    note = {R package version 0.7.12, https://CRAN.R-project.org/package=broom},
}

@Manual{lmtest,
    title = {lmtest: Testing Linear Regression Models},
    author = {Torsten Hothorn and Achim Zeileis},
    year = {2021},
    note = {R package version 0.9-39, https://CRAN.R-project.org/package=lmtest},
}

@Manual{sandwich,
    title = {sandwich: Robust Covariance Matrix Estimators},
    author = {Zeileis, Achim},
    year = {2021},
    note = {R package version 3.1-2, https://CRAN.R-project.org/package=sandwich},
}

@Manual{glmnet,
    title = {glmnet: Lasso and Elastic-Net Regularized Generalized Linear Models},
    author = {Friedman, J., Hastie, T., Tibshirani, R.},
    year = {2021},
    note = {R package version 4.1-2, https://CRAN.R-project.org/package=glmnet},
}

@Manual{caret,
    title = {caret: Classification and Regression Training},
    author = {Kuhn, M.},
    year = {2021},
    note = {R package version 6.0-90, https://CRAN.R-project.org/package=caret},
}

@Manual{readr,
  title = {readr: Read Rectangular Text Data},
  author = {Hadley Wickham and Jim Hester and others},
  year = {2023},
  note = {R package version 3.0.0, https://CRAN.R-project.org/package=readr}
}

@Manual{here,
  title = {here: A Simpler Way to Find Your Files},
  author = {Kirill Müller},
  year = {2023},
  note = {R package version 1.0.1, https://CRAN.R-project.org/package=here}
}

@Manual{janitor,
  title = {janitor: Simple Tools for Examining and Cleaning Dirty Data},
  author = {Sam Firke},
  year = {2023},
  note = {R package version 2.1.0, https://CRAN.R-project.org/package=janitor}
}

@Manual{kableExtra,
  title = {kableExtra: Construct Complex Table with 'kable' and Pipe Syntax},
  author = {Hao Zhu},
  year = {2023},
  note = {R package version 1.4.0, https://CRAN.R-project.org/package=kableExtra}
}

@Manual{knitr,
  title = {knitr: A General-Purpose Package for Dynamic Report Generation in R},
  author = {Yihui Xie},
  year = {2023},
  note = {R package version 1.40, https://CRAN.R-project.org/package=knitr}
}

@Manual{tidyverse,
  title = {tidyverse: Easily Install and Load the Tidyverse},
  author = {Hadley Wickham and others},
  year = {2023},
  note = {R package version 1.3.1, https://CRAN.R-project.org/package=tidyverse}
}
